<record xmlns="http://www.loc.gov/MARC21/slim" xmlns:xsi="http://www.w3.org/2001/XMLSchema-instance" xsi:schemaLocation="http://www.loc.gov/MARC21/slim http://www.loc.gov/standards/marcxml/schema/MARC21slim.xsd">

  <leader>00408nam a2200145   4500</leader>
  <controlfield tag="008">160729b2015    cr ||||| |||| 00| | spa d</controlfield>
  <datafield tag="022" ind2=" " ind1=" ">
    <subfield code="a">03793974</subfield>
  </datafield>
  <datafield ind1=" " ind2=" " tag="090">
    <subfield code="a">06.02.01</subfield>
    <subfield code="b">2357</subfield>
  </datafield>
  <datafield tag="245" ind2="0" ind1="1">
    <subfield code="a">Revista comunicación</subfield>
  </datafield>
  <datafield tag="260" ind1=" " ind2=" ">
    <subfield code="a">Cartago, Costa Rica :</subfield>
    <subfield code="b">Instituto Tecnológico de Costa Rica,</subfield>
    <subfield code="c">2015</subfield>
  </datafield>
  <datafield ind1=" " ind2=" " tag="300">
    <subfield code="a">80 páginas</subfield>
  </datafield>
  <datafield tag="650" ind1="1" ind2="4">
    <subfield code="9">1</subfield>
    <subfield code="a">EDUCACIÓN</subfield>
  </datafield>
  <datafield tag="650" ind2="4" ind1="1">
    <subfield code="9">3</subfield>
    <subfield code="a">PUBLICACIONES PERIÓDICAS</subfield>
  </datafield>
  <datafield ind2=" " ind1=" " tag="942">
    <subfield code="2">z</subfield>
    <subfield code="c">03</subfield>
  </datafield>
  <datafield tag="999" ind1=" " ind2=" ">
    <subfield code="c">3292</subfield>
    <subfield code="d">3292</subfield>
  </datafield>
</record>